<record><leader>00000cas a2200000 a 4500</leader><controlfield tag="001">12099122</controlfield><controlfield tag="008">850531d18961897ksuwr ne      0    0eng d</controlfield><datafield ind1=" " ind2=" " tag="010"><subfield code="a">sn 85029292 </subfield></datafield><datafield ind1=" " ind2=" " tag="040"><subfield code="a">KSH</subfield><subfield code="b">eng</subfield><subfield code="c">KSH</subfield><subfield code="d">NPT</subfield><subfield code="d">OCL</subfield><subfield code="d">OCLCQ</subfield></datafield><datafield ind1=" " ind2=" " tag="042"><subfield code="a">msc</subfield></datafield><datafield ind1="0" ind2=" " tag="130"><subfield code="a">Leavenworth post (Leavenworth, Kan. : 1896)</subfield></datafield><datafield ind1="1" ind2="4" tag="245"><subfield code="a">The Leavenworth post.</subfield></datafield><datafield ind1=" " ind2=" " tag="250"><subfield code="a">Weekly ed.</subfield></datafield><datafield ind1=" " ind2=" " tag="260"><subfield code="a">Leavenworth, Kan. :</subfield><subfield code="b">German Print. &amp; Pub. Co.,</subfield><subfield code="c">1896-1897.</subfield></datafield><datafield ind1=" " ind2=" " tag="300"><subfield code="a">2 v. :</subfield><subfield code="b">ill. ;</subfield><subfield code="c">60 cm.</subfield></datafield><datafield ind1=" " ind2=" " tag="310"><subfield code="a">Weekly</subfield></datafield><datafield ind1="0" ind2=" " tag="362"><subfield code="a">Vol. 1, no. 1 (July 10, 1896)-v. 2, no. 78 (Dec. 31, 1897).</subfield></datafield><datafield ind1=" " ind2=" " tag="500"><subfield code="a">"Equal rights for all-special privileges to none."</subfield></datafield><datafield ind1=" " ind2=" " tag="580"><subfield code="a">Also issued a daily German edition called: Leavenworth post (Leavenworth, Kan. : 1887), July 10, 1896-Aug. 31, 1897; Leavenworth tribune (Leavenworth, Kan. : 1897), Sept. 2-Dec. 31, 1897.</subfield></datafield><datafield ind1=" " ind2=" " tag="752"><subfield code="a">United States</subfield><subfield code="b">Kansas</subfield><subfield code="c">Leavenworth</subfield><subfield code="d">Leavenworth.</subfield></datafield><datafield ind1="1" ind2=" " tag="775"><subfield code="t">Leavenworth post (Leavenworth, Kan. : 1887)</subfield><subfield code="w">(DLC)sn 85029314</subfield></datafield><datafield ind1="1" ind2=" " tag="775"><subfield code="t">Leavenworth tribune (Leavenworth, Kan. : 1897)</subfield><subfield code="w">(DLC)sn 85029334</subfield></datafield><datafield ind1="0" ind2="0" tag="780"><subfield code="t">Leavenworth post (Leavenworth, Kan. : 1895)</subfield><subfield code="w">(DLC)sn 85029341</subfield></datafield></record>